@misc{cadena_strengthening_2019,
	title = {Strengthening the Central American Economy},
	url = {https://www.mckinsey.com/featured-insights/americas/unlocking-the-economic-potential-of-central-america-and-the-caribbean},
	abstract = {The Central American economy, as well as the Caribbean economy, has seen rapid productivity growth over the past 15 years, but a number of trends could affect whether they continue to grow.},
	urldate = {2021-08-28},
	author = {Cadena, Andres and Giraut, Julio and Grosman, Nicolas and Oliveira, Andre},
	month = apr,
	year = {2019},
	note = {publisher: Mckinsey \& Company},
}

@article{richardson2007beautiful,
  title={Beautiful soup documentation},
  author={Richardson, Leonard},
  journal={April},
  year={2007}
} 